@book {gunnar,
    author  = "Wolf, G.",
    title   = "Fundamentos de sistemas operativos",
    journal = "Lulu.com",
    year    = "2015",
    pages   = "320",
}
@misc{l,
author={Comania Telefonica},
  title = {Bases de datos y sus vulnerabilidadesmás comunes} ,
 howpublished = "url{https://www.acens.com/wp-content/images/2015/03/vulnerabilidades-bbdd-wp-acens.pdf}",    
year=2013,
}
@misc{ff,
author={Corpac.},
  title = {ATAQUE A LA BASE DE DATOS} ,
 howpublished = "url{http://www.corpac.gob.pe/Docs/Transparencia/OyM/DocNormativos/Planes/Plan_Contingencia_Centro_Computo_CORPAC_(GG-710-2008_06.08.2008).pdf}",    
year=2008,
}

@book {book1,
    author  = "Chicano Tejada, E.",
    title   = "Utilización de los bases de datos relacionales en el sistema de gestión y almacenamiento de datos",
    journal = "ic editorial",
    year    = "2016",
    pages   = "290",
}
@misc{web1,
author={Anonimo, A.},
  title = {Características de la Base de Datos} ,
 howpublished = "url{http://cidecame.uaeh.edu.mx/lcc/mapa/PROYECTO/libro14/11-caractersticas-de-la-base-de-datos.html}",    
year=2015,
}

@book{oracle,
author={LUISA FERNANDA MOMPHOTES PARRA,
ALEXANDER ALZATE},
  title = {PROTOTIPO PARA LA AUDITORIA SISTEMA DE GESTION SEGURIDAD DE
LA INFORMACION} ,
 howpublished = "url{http://repositorio.utp.edu.co/dspace/bitstream/11059/4638/1/0058M733.pdf}",    
year=2019,
}

